@book{example,
    author    = "",
    title     = "",
    publisher = "",
    year      = "",
    address   = "",
    note      = ""
}

@book{Hand2001,
    author    = "David J. Hand and Heikki Manilla and Padhraic Smyth",
    title     = "Principles of Data Mining",
    series    = "Adaptive Computation and Machine Learning",
    publisher = "MIT Press",
    year      = "2001",
    address   = "Massachusetts",
    note      = "ISBN 9780262082907"
}

@book{Luger2009,
    author    = "George F. Luger",
    title     = "Artificial intelligence: structures and strategies for complex problem solving",
    publisher = "Pearson Addison-Wesley",
    year      = "2009",
    address   = "California",
    note      = "9780321545893"
}

